<record xmlns="http://www.loc.gov/MARC21/slim" xmlns:xsi="http://www.w3.org/2001/XMLSchema-instance" xsi:schemaLocation="http://www.loc.gov/MARC21/slim http://www.loc.gov/standards/marcxml/schema/MARC21slim.xsd">

  <leader>01493nab a2200169   4500</leader>
  <controlfield tag="005">20160302102700.0</controlfield>
  <controlfield tag="008">151215b2006    cr f|||| |||| 00| 0 spa d</controlfield>
  <datafield tag="090" ind1=" " ind2=" ">
    <subfield code="a">REVIS 06.02.01</subfield>
  </datafield>
  <datafield tag="100" ind1="1" ind2=" ">
    <subfield code="9">1218</subfield>
    <subfield code="a">Martínez Castillo, Róger</subfield>
  </datafield>
  <datafield tag="245" ind1="1" ind2="0">
    <subfield code="a">Ambientalización pedagógica del currículo académico /</subfield>
    <subfield code="c">Róger Martínez Castillo</subfield>
  </datafield>
  <datafield ind1=" " tag="260" ind2=" ">
    <subfield code="a">San José, Costa Rica :</subfield>
    <subfield code="b">Editorial Universidad de Costa Rica,</subfield>
    <subfield code="c">2006</subfield>
  </datafield>
  <datafield ind1=" " tag="300" ind2=" ">
    <subfield code="a">páginas 31-45</subfield>
  </datafield>
  <datafield ind1=" " tag="520" ind2=" ">
    <subfield code="a">El sistema de desarrollo socio-económico dominante, con sus políticas neoliberales y enfoques mercado-céntricos contribuyen a agravar a los problemas socio-ambientales. No hay conciencia política de que el propio modelo de desarrollo vigente es el que genera la degradación socio-ambiental. Este tipo de temas no ha sido fácilmente comprendido o aceptado en el ámbito educativo formal, debido a la resistencia de la educación lficial para integrarlos en sus marcos académicos.
Ante la crisis socio-económica y ambiental que vive nuestra sociedad, la educación ambiental representa una opción viable a la problemática general, para promover cambios sociales, nuevos conocimientos, permitir la participación ciudadana y un desarrollo sustentable, que estimulen una sociedad más justa, democrática y solidaria</subfield>
  </datafield>
  <datafield ind2="4" ind1="1" tag="650">
    <subfield code="9">1</subfield>
    <subfield code="a">EDUCACIÓN</subfield>
  </datafield>
  <datafield ind2=" " ind1="0" tag="773">
    <subfield code="d">San José, Costa Rica : Editorial de la Universidad de Costa Rica, 1997-</subfield>
    <subfield code="o">R0307</subfield>
    <subfield code="t">EDUCACIÓN: Revista de la Universidad de Costa Rica</subfield>
    <subfield code="g">Vol.30, no.2 (2006)</subfield>
  </datafield>
  <datafield ind2=" " tag="942" ind1=" ">
    <subfield code="2">z</subfield>
    <subfield code="c">10</subfield>
  </datafield>
  <datafield ind2=" " ind1=" " tag="999">
    <subfield code="c">2975</subfield>
    <subfield code="d">2975</subfield>
  </datafield>
</record>